@article{allmodelsarewrong,
  title={Science and Statistics},
  author={George E. P. Box},
  year={1976},
  journal={Journal of the American Statistical Association},
  publisher={Taylor & Francis},
  volume={71},
  number={356},
  pages={791-799}
},
@article{sharpe1966,
  title={Mutual Fund Performance},
  author={William F. Sharpe},
  year={1966},
  journal={The Journal of Business},
  publisher={University of Chicago Press},
  volume={39},
  number={1},
  pages={119-138}
},
@article{sharpe1994,
  title={The Sharpe Ratio},
  author={William F. Sharpe},
  year={1994},
  journal={The Journal of Portfolio Management},
  publisher={Institutional Investor Journals Umbrella},
  volume={21},
  number={1},
  pages={49-58}
},
@book{insideblackbox,
  title={Inside the Black Box},
  subtitle={A Simple Guide to Quantitative and High Frequency Trading},
  author={Rishi K. Narang},
  date={2013-03-20},
  publisher={Wiley},
  edition={2}
},
@book{succalgotrading,
  title={Successful Algorithmic Trading},
  subtitle={A Step-by-step Guide to Quantitative Strategies},
  author={QuantStart},
  year={2014}
},
@book{epchan2008,
  title={Quantitative Trading},
  subtitle={How to Build Your Own Algorithmic Trading Business},
  author={Ernest Chan},
  date={2008-11-17},
  publisher={Wiley}
}
